<record xmlns="http://www.loc.gov/MARC21/slim" xmlns:xsi="http://www.w3.org/2001/XMLSchema-instance" xsi:schemaLocation="http://www.loc.gov/MARC21/slim http://www.loc.gov/standards/marcxml/schema/MARC21slim.xsd"><leader>01370nam a2200301   4500</leader><controlfield tag="001">001680726</controlfield><controlfield tag="003">NNU</controlfield><controlfield tag="006">m        d        </controlfield><controlfield tag="007">cr cn |||m|||a</controlfield><controlfield tag="008">140707s1970    iq c    ob   f000 0bara d</controlfield><datafield ind1=" " ind2=" " tag="040"><subfield code="a">NNU</subfield><subfield code="b">eng</subfield><subfield code="c">NNU</subfield></datafield><datafield ind1="1" ind2=" " tag="100"><subfield code="a">S&#257;marr&#257;&#700;&#299;, &#699;&#256;mir Rash&#299;d.</subfield></datafield><datafield ind1="1" ind2="3" tag="245"><subfield code="a">al-Ab Anist&#257;s M&#257;r&#299; al-Kirmil&#299;</subfield><subfield code="h">[electronic resource]</subfield><subfield code="c">bi-qalam &#699;&#256;mir Rash&#299;d al-S&#257;marr&#257;&#700;&#299;.</subfield></datafield><datafield ind1=" " ind2=" " tag="260"><subfield code="a">[Baghdad?] :</subfield><subfield code="b">Wiz&#257;rat al-Thaq&#257;fah wa-al-I&#699;l&#257;m, Mud&#299;r&#299;yat al-Thaq&#257;fah al-&#699;&#256;mmah,</subfield><subfield code="c">1970.</subfield></datafield><datafield ind1=" " ind2=" " tag="300"><subfield code="a">online resource (18, p.) :</subfield><subfield code="b">port.</subfield></datafield><datafield ind1="1" ind2=" " tag="490"><subfield code="a">Silsilat al-kutub al-&#7717;ad&#299;thah ;</subfield><subfield code="v">30</subfield></datafield><datafield ind1=" " ind2=" " tag="500"><subfield code="a">In Arabic.</subfield></datafield><datafield ind1=" " ind2=" " tag="500"><subfield code="a">Part of the Arabic Collections Online (ACO) project, contributed by New York Univeristy Libraries.</subfield></datafield><datafield ind1=" " ind2=" " tag="504"><subfield code="a">Includes bibliographical references.</subfield></datafield><datafield ind1=" " ind2=" " tag="500"><subfield code="a">LIst of works by Anastas Mari: p. 11-15.</subfield></datafield><datafield ind1=" " ind2=" " tag="533"><subfield code="a">Electronic reproduction.</subfield><subfield code="b">New York, N.Y. :</subfield><subfield code="c">New York University,</subfield><subfield code="d">2014.</subfield><subfield code="5">NNU</subfield></datafield><datafield ind1="0" ind2="0" tag="600"><subfield code="a">Anist&#257;s M&#257;r&#299;,</subfield><subfield code="c">al-Karmil&#299;, ab,</subfield><subfield code="d">1866-1947.</subfield></datafield><datafield ind1="2" ind2=" " tag="710"><subfield code="a">New York University.</subfield><subfield code="b">Libraries.</subfield></datafield><datafield ind1="0" ind2=" " tag="730"><subfield code="a">Arabic Collections Online.</subfield></datafield><datafield ind1="0" ind2="8" tag="776"><subfield code="i">Print version:</subfield><subfield code="a">S&#257;marr&#257;&#700;&#299;, &#699;&#256;mir Rash&#299;d.</subfield><subfield code="t">al-Ab Anist&#257;s M&#257;r&#299; al-Kirmil&#299;</subfield><subfield code="w">(NNU)001680726</subfield></datafield><datafield ind1=" " ind2="0" tag="830"><subfield code="a">Silsilat al-kutub al-&#7717;ad&#299;thah ;</subfield><subfield code="v">30.</subfield></datafield><datafield ind1="4" ind2="0" tag="856"><subfield code="u">http://hdl.handle.net/2333.1/866t1hsf</subfield></datafield><datafield ind1=" " ind2=" " tag="959"><subfield code="a">NNU</subfield><subfield code="b">WEB</subfield><subfield code="c">GENI</subfield><subfield code="t">0</subfield><subfield code="m">Electronic access</subfield><subfield code="s">01</subfield></datafield></record>